<record><leader>00000cas a2200000 a 4500</leader><controlfield tag="001">12403082</controlfield><controlfield tag="008">850820d18311841pauwr ne      0    0eng c</controlfield><datafield ind1=" " ind2=" " tag="010"><subfield code="a">sn 85038450 </subfield></datafield><datafield ind1=" " ind2=" " tag="040"><subfield code="a">NPY</subfield><subfield code="b">eng</subfield><subfield code="c">NPY</subfield><subfield code="d">NPX</subfield><subfield code="d">NPH</subfield><subfield code="d">DLC</subfield><subfield code="d">NPH</subfield><subfield code="d">NVF</subfield><subfield code="d">DLC</subfield><subfield code="d">OCLCA</subfield><subfield code="d">OCLCQ</subfield><subfield code="d">OCLCF</subfield><subfield code="d">DLC</subfield><subfield code="d">HUL</subfield></datafield><datafield ind1=" " ind2=" " tag="042"><subfield code="a">pcc</subfield></datafield><datafield ind1=" " ind2=" " tag="043"><subfield code="a">n-us-pa</subfield></datafield><datafield ind1="0" ind2="0" tag="050"><subfield code="a">Newspaper 9375-X</subfield></datafield><datafield ind1="0" ind2=" " tag="130"><subfield code="a">Examiner (Washington, Washington County, Pa. : 1831)</subfield></datafield><datafield ind1="1" ind2="4" tag="245"><subfield code="a">The examiner.</subfield></datafield><datafield ind1=" " ind2=" " tag="260"><subfield code="a">Washington, Pa. :</subfield><subfield code="b">John Grayson,</subfield><subfield code="c">1831-1841.</subfield></datafield><datafield ind1=" " ind2=" " tag="300"><subfield code="a">v.</subfield></datafield><datafield ind1=" " ind2=" " tag="310"><subfield code="a">Weekly</subfield></datafield><datafield ind1="0" ind2=" " tag="362"><subfield code="a">Vol. 15, no. 27 (Nov. 12, 1831)-v. 24, no. 40 (Mar. 20, 1841) = whole no. 755-whole no. 1240.</subfield></datafield><datafield ind1=" " ind2="0" tag="651"><subfield code="a">Washington (Washington County, Pa.)</subfield><subfield code="v">Newspapers.</subfield></datafield><datafield ind1=" " ind2="7" tag="651"><subfield code="a">Pennsylvania</subfield><subfield code="z">Washington (Washington County)</subfield><subfield code="2">fast</subfield><subfield code="0">(OCoLC)fst01799454</subfield></datafield><datafield ind1=" " ind2="7" tag="655"><subfield code="a">Newspapers.</subfield><subfield code="2">fast</subfield><subfield code="0">(OCoLC)fst01423814</subfield></datafield><datafield ind1=" " ind2=" " tag="752"><subfield code="a">United States</subfield><subfield code="b">Pennsylvania</subfield><subfield code="c">Washington</subfield><subfield code="d">Washington.</subfield></datafield><datafield ind1="0" ind2="0" tag="780"><subfield code="t">Examiner and farmers' and mechanics' repository</subfield><subfield code="w">(DLC)sn 84026600</subfield><subfield code="w">(OCoLC)10523943</subfield></datafield><datafield ind1="0" ind2="0" tag="785"><subfield code="t">Washington examiner (Washington, Washington County, Pa. : 1841)</subfield><subfield code="w">(DLC)sn 85038451</subfield><subfield code="w">(OCoLC)12403120</subfield></datafield><datafield ind1="1" ind2=" " tag="029"><subfield code="a">AU@</subfield><subfield code="b">000024886852</subfield></datafield></record>